%YAML 1.1
%TAG !u! tag:unity3d.com,2011:
--- !u!1001 &100100000
Prefab:
  m_ObjectHideFlags: 1
  serializedVersion: 2
  m_Modification:
    m_TransformParent: {fileID: 0}
    m_Modifications: []
    m_RemovedComponents: []
  m_ParentPrefab: {fileID: 0}
  m_RootGameObject: {fileID: 1065242961494822}
  m_IsPrefabParent: 1
--- !u!1 &1020355445573898
GameObject:
  m_ObjectHideFlags: 1
  m_PrefabParentObject: {fileID: 0}
  m_PrefabInternal: {fileID: 100100000}
  serializedVersion: 5
  m_Component:
  - component: {fileID: 4773706708253490}
  m_Layer: 0
  m_Name: neckLower
  m_TagString: Untagged
  m_Icon: {fileID: 0}
  m_NavMeshLayer: 0
  m_StaticEditorFlags: 0
  m_IsActive: 1
--- !u!1 &1026811484697388
GameObject:
  m_ObjectHideFlags: 1
  m_PrefabParentObject: {fileID: 0}
  m_PrefabInternal: {fileID: 100100000}
  serializedVersion: 5
  m_Component:
  - component: {fileID: 4968934932000222}
  m_Layer: 0
  m_Name: rCollar
  m_TagString: Untagged
  m_Icon: {fileID: 0}
  m_NavMeshLayer: 0
  m_StaticEditorFlags: 0
  m_IsActive: 1
--- !u!1 &1064472877381926
GameObject:
  m_ObjectHideFlags: 1
  m_PrefabParentObject: {fileID: 0}
  m_PrefabInternal: {fileID: 100100000}
  serializedVersion: 5
  m_Component:
  - component: {fileID: 4212023076424626}
  - component: {fileID: 137816359578446074}
  - component: {fileID: 114280084968181116}
  m_Layer: 0
  m_Name: BattlesuitG3_27422_LOD3
  m_TagString: Untagged
  m_Icon: {fileID: 0}
  m_NavMeshLayer: 0
  m_StaticEditorFlags: 0
  m_IsActive: 1
--- !u!1 &1065242961494822
GameObject:
  m_ObjectHideFlags: 0
  m_PrefabParentObject: {fileID: 0}
  m_PrefabInternal: {fileID: 100100000}
  serializedVersion: 5
  m_Component:
  - component: {fileID: 4483742147236618}
  - component: {fileID: 114739542197112200}
  - component: {fileID: 114165608463004926}
  m_Layer: 0
  m_Name: MAB BattleSuit
  m_TagString: Untagged
  m_Icon: {fileID: 0}
  m_NavMeshLayer: 0
  m_StaticEditorFlags: 0
  m_IsActive: 1
--- !u!1 &1076762949882464
GameObject:
  m_ObjectHideFlags: 1
  m_PrefabParentObject: {fileID: 0}
  m_PrefabInternal: {fileID: 100100000}
  serializedVersion: 5
  m_Component:
  - component: {fileID: 4366875732284624}
  m_Layer: 0
  m_Name: lThighTwist
  m_TagString: Untagged
  m_Icon: {fileID: 0}
  m_NavMeshLayer: 0
  m_StaticEditorFlags: 0
  m_IsActive: 1
--- !u!1 &1083063392727282
GameObject:
  m_ObjectHideFlags: 1
  m_PrefabParentObject: {fileID: 0}
  m_PrefabInternal: {fileID: 100100000}
  serializedVersion: 5
  m_Component:
  - component: {fileID: 4045302827126194}
  m_Layer: 0
  m_Name: rShldrBend
  m_TagString: Untagged
  m_Icon: {fileID: 0}
  m_NavMeshLayer: 0
  m_StaticEditorFlags: 0
  m_IsActive: 1
--- !u!1 &1088137594412562
GameObject:
  m_ObjectHideFlags: 1
  m_PrefabParentObject: {fileID: 0}
  m_PrefabInternal: {fileID: 100100000}
  serializedVersion: 5
  m_Component:
  - component: {fileID: 4033214440700184}
  m_Layer: 0
  m_Name: abdomenLower
  m_TagString: Untagged
  m_Icon: {fileID: 0}
  m_NavMeshLayer: 0
  m_StaticEditorFlags: 0
  m_IsActive: 1
--- !u!1 &1115848416356788
GameObject:
  m_ObjectHideFlags: 1
  m_PrefabParentObject: {fileID: 0}
  m_PrefabInternal: {fileID: 100100000}
  serializedVersion: 5
  m_Component:
  - component: {fileID: 4541485351923404}
  m_Layer: 0
  m_Name: rThighTwist
  m_TagString: Untagged
  m_Icon: {fileID: 0}
  m_NavMeshLayer: 0
  m_StaticEditorFlags: 0
  m_IsActive: 1
--- !u!1 &1144034517378350
GameObject:
  m_ObjectHideFlags: 1
  m_PrefabParentObject: {fileID: 0}
  m_PrefabInternal: {fileID: 100100000}
  serializedVersion: 5
  m_Component:
  - component: {fileID: 4708522223648566}
  m_Layer: 0
  m_Name: rShin
  m_TagString: Untagged
  m_Icon: {fileID: 0}
  m_NavMeshLayer: 0
  m_StaticEditorFlags: 0
  m_IsActive: 1
--- !u!1 &1169027653412298
GameObject:
  m_ObjectHideFlags: 1
  m_PrefabParentObject: {fileID: 0}
  m_PrefabInternal: {fileID: 100100000}
  serializedVersion: 5
  m_Component:
  - component: {fileID: 4263220346728692}
  m_Layer: 0
  m_Name: rThumb1
  m_TagString: Untagged
  m_Icon: {fileID: 0}
  m_NavMeshLayer: 0
  m_StaticEditorFlags: 0
  m_IsActive: 1
--- !u!1 &1185927750902218
GameObject:
  m_ObjectHideFlags: 1
  m_PrefabParentObject: {fileID: 0}
  m_PrefabInternal: {fileID: 100100000}
  serializedVersion: 5
  m_Component:
  - component: {fileID: 4583604179756146}
  m_Layer: 0
  m_Name: lForearmTwist
  m_TagString: Untagged
  m_Icon: {fileID: 0}
  m_NavMeshLayer: 0
  m_StaticEditorFlags: 0
  m_IsActive: 1
--- !u!1 &1217421409754746
GameObject:
  m_ObjectHideFlags: 1
  m_PrefabParentObject: {fileID: 0}
  m_PrefabInternal: {fileID: 100100000}
  serializedVersion: 5
  m_Component:
  - component: {fileID: 4219570672173122}
  m_Layer: 0
  m_Name: lShldrBend
  m_TagString: Untagged
  m_Icon: {fileID: 0}
  m_NavMeshLayer: 0
  m_StaticEditorFlags: 0
  m_IsActive: 1
--- !u!1 &1227189748530626
GameObject:
  m_ObjectHideFlags: 1
  m_PrefabParentObject: {fileID: 0}
  m_PrefabInternal: {fileID: 100100000}
  serializedVersion: 5
  m_Component:
  - component: {fileID: 4324489820530316}
  m_Layer: 0
  m_Name: lCarpal1
  m_TagString: Untagged
  m_Icon: {fileID: 0}
  m_NavMeshLayer: 0
  m_StaticEditorFlags: 0
  m_IsActive: 1
--- !u!1 &1235152144241874
GameObject:
  m_ObjectHideFlags: 1
  m_PrefabParentObject: {fileID: 0}
  m_PrefabInternal: {fileID: 100100000}
  serializedVersion: 5
  m_Component:
  - component: {fileID: 4962051249916098}
  m_Layer: 0
  m_Name: head
  m_TagString: Untagged
  m_Icon: {fileID: 0}
  m_NavMeshLayer: 0
  m_StaticEditorFlags: 0
  m_IsActive: 1
--- !u!1 &1238640520774332
GameObject:
  m_ObjectHideFlags: 1
  m_PrefabParentObject: {fileID: 0}
  m_PrefabInternal: {fileID: 100100000}
  serializedVersion: 5
  m_Component:
  - component: {fileID: 4105216305295860}
  - component: {fileID: 137124358748703750}
  - component: {fileID: 114053058266535380}
  m_Layer: 0
  m_Name: BattlesuitG3_27422_LOD2
  m_TagString: Untagged
  m_Icon: {fileID: 0}
  m_NavMeshLayer: 0
  m_StaticEditorFlags: 0
  m_IsActive: 1
--- !u!1 &1252019692617674
GameObject:
  m_ObjectHideFlags: 1
  m_PrefabParentObject: {fileID: 0}
  m_PrefabInternal: {fileID: 100100000}
  serializedVersion: 5
  m_Component:
  - component: {fileID: 4364125895056712}
  m_Layer: 0
  m_Name: lCarpal4
  m_TagString: Untagged
  m_Icon: {fileID: 0}
  m_NavMeshLayer: 0
  m_StaticEditorFlags: 0
  m_IsActive: 1
--- !u!1 &1297137510608116
GameObject:
  m_ObjectHideFlags: 1
  m_PrefabParentObject: {fileID: 0}
  m_PrefabInternal: {fileID: 100100000}
  serializedVersion: 5
  m_Component:
  - component: {fileID: 4865858542254902}
  - component: {fileID: 137396865105706626}
  - component: {fileID: 114480002846757754}
  m_Layer: 0
  m_Name: BattlesuitG3_27422_LOD1
  m_TagString: Untagged
  m_Icon: {fileID: 0}
  m_NavMeshLayer: 0
  m_StaticEditorFlags: 0
  m_IsActive: 1
--- !u!1 &1343553693826638
GameObject:
  m_ObjectHideFlags: 1
  m_PrefabParentObject: {fileID: 0}
  m_PrefabInternal: {fileID: 100100000}
  serializedVersion: 5
  m_Component:
  - component: {fileID: 4445080620258096}
  m_Layer: 0
  m_Name: lForearmBend
  m_TagString: Untagged
  m_Icon: {fileID: 0}
  m_NavMeshLayer: 0
  m_StaticEditorFlags: 0
  m_IsActive: 1
--- !u!1 &1343767888066772
GameObject:
  m_ObjectHideFlags: 1
  m_PrefabParentObject: {fileID: 0}
  m_PrefabInternal: {fileID: 100100000}
  serializedVersion: 5
  m_Component:
  - component: {fileID: 4183781343663402}
  m_Layer: 0
  m_Name: lMetatarsals
  m_TagString: Untagged
  m_Icon: {fileID: 0}
  m_NavMeshLayer: 0
  m_StaticEditorFlags: 0
  m_IsActive: 1
--- !u!1 &1352062443864098
GameObject:
  m_ObjectHideFlags: 1
  m_PrefabParentObject: {fileID: 0}
  m_PrefabInternal: {fileID: 100100000}
  serializedVersion: 5
  m_Component:
  - component: {fileID: 4727817665023162}
  m_Layer: 0
  m_Name: pelvis
  m_TagString: Untagged
  m_Icon: {fileID: 0}
  m_NavMeshLayer: 0
  m_StaticEditorFlags: 0
  m_IsActive: 1
--- !u!1 &1371337013575650
GameObject:
  m_ObjectHideFlags: 1
  m_PrefabParentObject: {fileID: 0}
  m_PrefabInternal: {fileID: 100100000}
  serializedVersion: 5
  m_Component:
  - component: {fileID: 4160843963872518}
  m_Layer: 0
  m_Name: rEar
  m_TagString: Untagged
  m_Icon: {fileID: 0}
  m_NavMeshLayer: 0
  m_StaticEditorFlags: 0
  m_IsActive: 1
--- !u!1 &1440656173074288
GameObject:
  m_ObjectHideFlags: 1
  m_PrefabParentObject: {fileID: 0}
  m_PrefabInternal: {fileID: 100100000}
  serializedVersion: 5
  m_Component:
  - component: {fileID: 4803504576833952}
  m_Layer: 0
  m_Name: rHeel
  m_TagString: Untagged
  m_Icon: {fileID: 0}
  m_NavMeshLayer: 0
  m_StaticEditorFlags: 0
  m_IsActive: 1
--- !u!1 &1451267745219696
GameObject:
  m_ObjectHideFlags: 1
  m_PrefabParentObject: {fileID: 0}
  m_PrefabInternal: {fileID: 100100000}
  serializedVersion: 5
  m_Component:
  - component: {fileID: 4247680721645504}
  m_Layer: 0
  m_Name: rCarpal2
  m_TagString: Untagged
  m_Icon: {fileID: 0}
  m_NavMeshLayer: 0
  m_StaticEditorFlags: 0
  m_IsActive: 1
--- !u!1 &1460219154845584
GameObject:
  m_ObjectHideFlags: 1
  m_PrefabParentObject: {fileID: 0}
  m_PrefabInternal: {fileID: 100100000}
  serializedVersion: 5
  m_Component:
  - component: {fileID: 4137095682420702}
  m_Layer: 0
  m_Name: chestLower
  m_TagString: Untagged
  m_Icon: {fileID: 0}
  m_NavMeshLayer: 0
  m_StaticEditorFlags: 0
  m_IsActive: 1
--- !u!1 &1467384694312770
GameObject:
  m_ObjectHideFlags: 1
  m_PrefabParentObject: {fileID: 0}
  m_PrefabInternal: {fileID: 100100000}
  serializedVersion: 5
  m_Component:
  - component: {fileID: 4229622800999516}
  m_Layer: 0
  m_Name: lCollar
  m_TagString: Untagged
  m_Icon: {fileID: 0}
  m_NavMeshLayer: 0
  m_StaticEditorFlags: 0
  m_IsActive: 1
--- !u!1 &1530839037874440
GameObject:
  m_ObjectHideFlags: 0
  m_PrefabParentObject: {fileID: 0}
  m_PrefabInternal: {fileID: 100100000}
  serializedVersion: 5
  m_Component:
  - component: {fileID: 4062641791379216}
  m_Layer: 0
  m_Name: BattlesuitG3_27422
  m_TagString: Untagged
  m_Icon: {fileID: 0}
  m_NavMeshLayer: 0
  m_StaticEditorFlags: 0
  m_IsActive: 1
--- !u!1 &1559658179011184
GameObject:
  m_ObjectHideFlags: 1
  m_PrefabParentObject: {fileID: 0}
  m_PrefabInternal: {fileID: 100100000}
  serializedVersion: 5
  m_Component:
  - component: {fileID: 4095496009499050}
  m_Layer: 0
  m_Name: chestUpper
  m_TagString: Untagged
  m_Icon: {fileID: 0}
  m_NavMeshLayer: 0
  m_StaticEditorFlags: 0
  m_IsActive: 1
--- !u!1 &1576608814712574
GameObject:
  m_ObjectHideFlags: 1
  m_PrefabParentObject: {fileID: 0}
  m_PrefabInternal: {fileID: 100100000}
  serializedVersion: 5
  m_Component:
  - component: {fileID: 4018047203562178}
  m_Layer: 0
  m_Name: rHand
  m_TagString: Untagged
  m_Icon: {fileID: 0}
  m_NavMeshLayer: 0
  m_StaticEditorFlags: 0
  m_IsActive: 1
--- !u!1 &1584783992400756
GameObject:
  m_ObjectHideFlags: 1
  m_PrefabParentObject: {fileID: 0}
  m_PrefabInternal: {fileID: 100100000}
  serializedVersion: 5
  m_Component:
  - component: {fileID: 4079572619912448}
  m_Layer: 0
  m_Name: rCarpal1
  m_TagString: Untagged
  m_Icon: {fileID: 0}
  m_NavMeshLayer: 0
  m_StaticEditorFlags: 0
  m_IsActive: 1
--- !u!1 &1597913502386330
GameObject:
  m_ObjectHideFlags: 1
  m_PrefabParentObject: {fileID: 0}
  m_PrefabInternal: {fileID: 100100000}
  serializedVersion: 5
  m_Component:
  - component: {fileID: 4013019985679600}
  m_Layer: 0
  m_Name: lEar
  m_TagString: Untagged
  m_Icon: {fileID: 0}
  m_NavMeshLayer: 0
  m_StaticEditorFlags: 0
  m_IsActive: 1
--- !u!1 &1607431438074972
GameObject:
  m_ObjectHideFlags: 1
  m_PrefabParentObject: {fileID: 0}
  m_PrefabInternal: {fileID: 100100000}
  serializedVersion: 5
  m_Component:
  - component: {fileID: 4275863847217180}
  m_Layer: 0
  m_Name: rForearmTwist
  m_TagString: Untagged
  m_Icon: {fileID: 0}
  m_NavMeshLayer: 0
  m_StaticEditorFlags: 0
  m_IsActive: 1
--- !u!1 &1624457412020400
GameObject:
  m_ObjectHideFlags: 1
  m_PrefabParentObject: {fileID: 0}
  m_PrefabInternal: {fileID: 100100000}
  serializedVersion: 5
  m_Component:
  - component: {fileID: 4061368244563380}
  m_Layer: 0
  m_Name: lCarpal3
  m_TagString: Untagged
  m_Icon: {fileID: 0}
  m_NavMeshLayer: 0
  m_StaticEditorFlags: 0
  m_IsActive: 1
--- !u!1 &1633166584974664
GameObject:
  m_ObjectHideFlags: 1
  m_PrefabParentObject: {fileID: 0}
  m_PrefabInternal: {fileID: 100100000}
  serializedVersion: 5
  m_Component:
  - component: {fileID: 4339075706156214}
  m_Layer: 0
  m_Name: lHeel
  m_TagString: Untagged
  m_Icon: {fileID: 0}
  m_NavMeshLayer: 0
  m_StaticEditorFlags: 0
  m_IsActive: 1
--- !u!1 &1653729269044006
GameObject:
  m_ObjectHideFlags: 1
  m_PrefabParentObject: {fileID: 0}
  m_PrefabInternal: {fileID: 100100000}
  serializedVersion: 5
  m_Component:
  - component: {fileID: 4766828877023976}
  m_Layer: 0
  m_Name: neckUpper
  m_TagString: Untagged
  m_Icon: {fileID: 0}
  m_NavMeshLayer: 0
  m_StaticEditorFlags: 0
  m_IsActive: 1
--- !u!1 &1671867887698680
GameObject:
  m_ObjectHideFlags: 1
  m_PrefabParentObject: {fileID: 0}
  m_PrefabInternal: {fileID: 100100000}
  serializedVersion: 5
  m_Component:
  - component: {fileID: 4765163937915544}
  m_Layer: 0
  m_Name: rFoot
  m_TagString: Untagged
  m_Icon: {fileID: 0}
  m_NavMeshLayer: 0
  m_StaticEditorFlags: 0
  m_IsActive: 1
--- !u!1 &1701391154650982
GameObject:
  m_ObjectHideFlags: 1
  m_PrefabParentObject: {fileID: 0}
  m_PrefabInternal: {fileID: 100100000}
  serializedVersion: 5
  m_Component:
  - component: {fileID: 4489461154499254}
  m_Layer: 0
  m_Name: lThighBend
  m_TagString: Untagged
  m_Icon: {fileID: 0}
  m_NavMeshLayer: 0
  m_StaticEditorFlags: 0
  m_IsActive: 1
--- !u!1 &1702458153416604
GameObject:
  m_ObjectHideFlags: 1
  m_PrefabParentObject: {fileID: 0}
  m_PrefabInternal: {fileID: 100100000}
  serializedVersion: 5
  m_Component:
  - component: {fileID: 4459575044198428}
  - component: {fileID: 137609545058334942}
  - component: {fileID: 114154129391874616}
  m_Layer: 0
  m_Name: BattlesuitG3_27422_LOD0
  m_TagString: Untagged
  m_Icon: {fileID: 0}
  m_NavMeshLayer: 0
  m_StaticEditorFlags: 0
  m_IsActive: 1
--- !u!1 &1706735683678122
GameObject:
  m_ObjectHideFlags: 1
  m_PrefabParentObject: {fileID: 0}
  m_PrefabInternal: {fileID: 100100000}
  serializedVersion: 5
  m_Component:
  - component: {fileID: 4856771194267674}
  m_Layer: 0
  m_Name: abdomenUpper
  m_TagString: Untagged
  m_Icon: {fileID: 0}
  m_NavMeshLayer: 0
  m_StaticEditorFlags: 0
  m_IsActive: 1
--- !u!1 &1742172735632812
GameObject:
  m_ObjectHideFlags: 1
  m_PrefabParentObject: {fileID: 0}
  m_PrefabInternal: {fileID: 100100000}
  serializedVersion: 5
  m_Component:
  - component: {fileID: 4889311440704014}
  m_Layer: 0
  m_Name: rForearmBend
  m_TagString: Untagged
  m_Icon: {fileID: 0}
  m_NavMeshLayer: 0
  m_StaticEditorFlags: 0
  m_IsActive: 1
--- !u!1 &1773808055999550
GameObject:
  m_ObjectHideFlags: 1
  m_PrefabParentObject: {fileID: 0}
  m_PrefabInternal: {fileID: 100100000}
  serializedVersion: 5
  m_Component:
  - component: {fileID: 4702955018994520}
  m_Layer: 0
  m_Name: rShldrTwist
  m_TagString: Untagged
  m_Icon: {fileID: 0}
  m_NavMeshLayer: 0
  m_StaticEditorFlags: 0
  m_IsActive: 1
--- !u!1 &1797977496503916
GameObject:
  m_ObjectHideFlags: 1
  m_PrefabParentObject: {fileID: 0}
  m_PrefabInternal: {fileID: 100100000}
  serializedVersion: 5
  m_Component:
  - component: {fileID: 4025769943693494}
  m_Layer: 0
  m_Name: lPectoral
  m_TagString: Untagged
  m_Icon: {fileID: 0}
  m_NavMeshLayer: 0
  m_StaticEditorFlags: 0
  m_IsActive: 1
--- !u!1 &1808849291551492
GameObject:
  m_ObjectHideFlags: 1
  m_PrefabParentObject: {fileID: 0}
  m_PrefabInternal: {fileID: 100100000}
  serializedVersion: 5
  m_Component:
  - component: {fileID: 4809888060488580}
  m_Layer: 0
  m_Name: lFoot
  m_TagString: Untagged
  m_Icon: {fileID: 0}
  m_NavMeshLayer: 0
  m_StaticEditorFlags: 0
  m_IsActive: 1
--- !u!1 &1812876242239896
GameObject:
  m_ObjectHideFlags: 1
  m_PrefabParentObject: {fileID: 0}
  m_PrefabInternal: {fileID: 100100000}
  serializedVersion: 5
  m_Component:
  - component: {fileID: 4088255149726104}
  m_Layer: 0
  m_Name: rMetatarsals
  m_TagString: Untagged
  m_Icon: {fileID: 0}
  m_NavMeshLayer: 0
  m_StaticEditorFlags: 0
  m_IsActive: 1
--- !u!1 &1826851949759654
GameObject:
  m_ObjectHideFlags: 1
  m_PrefabParentObject: {fileID: 0}
  m_PrefabInternal: {fileID: 100100000}
  serializedVersion: 5
  m_Component:
  - component: {fileID: 4939043414126696}
  m_Layer: 0
  m_Name: rThighBend
  m_TagString: Untagged
  m_Icon: {fileID: 0}
  m_NavMeshLayer: 0
  m_StaticEditorFlags: 0
  m_IsActive: 1
--- !u!1 &1853826958087502
GameObject:
  m_ObjectHideFlags: 1
  m_PrefabParentObject: {fileID: 0}
  m_PrefabInternal: {fileID: 100100000}
  serializedVersion: 5
  m_Component:
  - component: {fileID: 4993331259459074}
  m_Layer: 0
  m_Name: rPectoral
  m_TagString: Untagged
  m_Icon: {fileID: 0}
  m_NavMeshLayer: 0
  m_StaticEditorFlags: 0
  m_IsActive: 1
--- !u!1 &1892878967333968
GameObject:
  m_ObjectHideFlags: 1
  m_PrefabParentObject: {fileID: 0}
  m_PrefabInternal: {fileID: 100100000}
  serializedVersion: 5
  m_Component:
  - component: {fileID: 4709979857255834}
  m_Layer: 0
  m_Name: lShin
  m_TagString: Untagged
  m_Icon: {fileID: 0}
  m_NavMeshLayer: 0
  m_StaticEditorFlags: 0
  m_IsActive: 1
--- !u!1 &1907288116685738
GameObject:
  m_ObjectHideFlags: 1
  m_PrefabParentObject: {fileID: 0}
  m_PrefabInternal: {fileID: 100100000}
  serializedVersion: 5
  m_Component:
  - component: {fileID: 4030590762820934}
  m_Layer: 0
  m_Name: lShldrTwist
  m_TagString: Untagged
  m_Icon: {fileID: 0}
  m_NavMeshLayer: 0
  m_StaticEditorFlags: 0
  m_IsActive: 1
--- !u!1 &1920651824127214
GameObject:
  m_ObjectHideFlags: 1
  m_PrefabParentObject: {fileID: 0}
  m_PrefabInternal: {fileID: 100100000}
  serializedVersion: 5
  m_Component:
  - component: {fileID: 4555549615962902}
  m_Layer: 0
  m_Name: hip
  m_TagString: Untagged
  m_Icon: {fileID: 0}
  m_NavMeshLayer: 0
  m_StaticEditorFlags: 0
  m_IsActive: 1
--- !u!1 &1933646467306006
GameObject:
  m_ObjectHideFlags: 1
  m_PrefabParentObject: {fileID: 0}
  m_PrefabInternal: {fileID: 100100000}
  serializedVersion: 5
  m_Component:
  - component: {fileID: 4501596678522410}
  m_Layer: 0
  m_Name: lCarpal2
  m_TagString: Untagged
  m_Icon: {fileID: 0}
  m_NavMeshLayer: 0
  m_StaticEditorFlags: 0
  m_IsActive: 1
--- !u!1 &1963366969447288
GameObject:
  m_ObjectHideFlags: 1
  m_PrefabParentObject: {fileID: 0}
  m_PrefabInternal: {fileID: 100100000}
  serializedVersion: 5
  m_Component:
  - component: {fileID: 4434203388872174}
  m_Layer: 0
  m_Name: lowerJaw
  m_TagString: Untagged
  m_Icon: {fileID: 0}
  m_NavMeshLayer: 0
  m_StaticEditorFlags: 0
  m_IsActive: 1
--- !u!1 &1966401954258904
GameObject:
  m_ObjectHideFlags: 1
  m_PrefabParentObject: {fileID: 0}
  m_PrefabInternal: {fileID: 100100000}
  serializedVersion: 5
  m_Component:
  - component: {fileID: 4148248813296408}
  m_Layer: 0
  m_Name: rCarpal3
  m_TagString: Untagged
  m_Icon: {fileID: 0}
  m_NavMeshLayer: 0
  m_StaticEditorFlags: 0
  m_IsActive: 1
--- !u!1 &1966698991774542
GameObject:
  m_ObjectHideFlags: 1
  m_PrefabParentObject: {fileID: 0}
  m_PrefabInternal: {fileID: 100100000}
  serializedVersion: 5
  m_Component:
  - component: {fileID: 4397637003304112}
  m_Layer: 0
  m_Name: rCarpal4
  m_TagString: Untagged
  m_Icon: {fileID: 0}
  m_NavMeshLayer: 0
  m_StaticEditorFlags: 0
  m_IsActive: 1
--- !u!1 &1970946390583072
GameObject:
  m_ObjectHideFlags: 1
  m_PrefabParentObject: {fileID: 0}
  m_PrefabInternal: {fileID: 100100000}
  serializedVersion: 5
  m_Component:
  - component: {fileID: 4263305614797048}
  m_Layer: 0
  m_Name: lThumb1
  m_TagString: Untagged
  m_Icon: {fileID: 0}
  m_NavMeshLayer: 0
  m_StaticEditorFlags: 0
  m_IsActive: 1
--- !u!1 &1992449806613518
GameObject:
  m_ObjectHideFlags: 1
  m_PrefabParentObject: {fileID: 0}
  m_PrefabInternal: {fileID: 100100000}
  serializedVersion: 5
  m_Component:
  - component: {fileID: 4361557761323018}
  m_Layer: 0
  m_Name: lHand
  m_TagString: Untagged
  m_Icon: {fileID: 0}
  m_NavMeshLayer: 0
  m_StaticEditorFlags: 0
  m_IsActive: 1
--- !u!4 &4013019985679600
Transform:
  m_ObjectHideFlags: 1
  m_PrefabParentObject: {fileID: 0}
  m_PrefabInternal: {fileID: 100100000}
  m_GameObject: {fileID: 1597913502386330}
  m_LocalRotation: {x: -8.6736174e-19, y: -2.7755576e-17, z: -2.4074124e-35, w: 1}
  m_LocalPosition: {x: -0.0689126, y: 0.040836945, z: 0.0055871904}
  m_LocalScale: {x: 1, y: 1, z: 1}
  m_Children: []
  m_Father: {fileID: 4962051249916098}
  m_RootOrder: 0
  m_LocalEulerAnglesHint: {x: 0, y: 0, z: 0}
--- !u!4 &4018047203562178
Transform:
  m_ObjectHideFlags: 1
  m_PrefabParentObject: {fileID: 0}
  m_PrefabInternal: {fileID: 100100000}
  m_GameObject: {fileID: 1576608814712574}
  m_LocalRotation: {x: 0, y: -0, z: -2.6258021e-20, w: 1}
  m_LocalPosition: {x: 0.13705932, y: 0.0014129638, z: 0.03809584}
  m_LocalScale: {x: 1, y: 1, z: 1}
  m_Children:
  - {fileID: 4079572619912448}
  - {fileID: 4247680721645504}
  - {fileID: 4148248813296408}
  - {fileID: 4397637003304112}
  - {fileID: 4263220346728692}
  m_Father: {fileID: 4275863847217180}
  m_RootOrder: 0
  m_LocalEulerAnglesHint: {x: 0, y: 0, z: 0}
--- !u!4 &4025769943693494
Transform:
  m_ObjectHideFlags: 1
  m_PrefabParentObject: {fileID: 0}
  m_PrefabInternal: {fileID: 100100000}
  m_GameObject: {fileID: 1797977496503916}
  m_LocalRotation: {x: 0, y: 2.7755576e-17, z: -0, w: 1}
  m_LocalPosition: {x: -0.03121763, y: 0.087602995, z: -0.08593235}
  m_LocalScale: {x: 1, y: 1, z: 1}
  m_Children: []
  m_Father: {fileID: 4137095682420702}
  m_RootOrder: 1
  m_LocalEulerAnglesHint: {x: 0, y: 0, z: 0}
--- !u!4 &4030590762820934
Transform:
  m_ObjectHideFlags: 1
  m_PrefabParentObject: {fileID: 0}
  m_PrefabInternal: {fileID: 100100000}
  m_GameObject: {fileID: 1907288116685738}
  m_LocalRotation: {x: -1.0842022e-19, y: 1.7347235e-18, z: 8.199279e-19, w: 1}
  m_LocalPosition: {x: -0.12571028, y: -0.008088989, z: 0.0031563996}
  m_LocalScale: {x: 1, y: 1, z: 1}
  m_Children:
  - {fileID: 4445080620258096}
  m_Father: {fileID: 4219570672173122}
  m_RootOrder: 0
  m_LocalEulerAnglesHint: {x: 0, y: 0, z: 0}
--- !u!4 &4033214440700184
Transform:
  m_ObjectHideFlags: 1
  m_PrefabParentObject: {fileID: 0}
  m_PrefabInternal: {fileID: 100100000}
  m_GameObject: {fileID: 1088137594412562}
  m_LocalRotation: {x: 0, y: -0, z: -0, w: 1}
  m_LocalPosition: {x: -0, y: 0.017665023, z: -0.014824948}
  m_LocalScale: {x: 1, y: 1, z: 1}
  m_Children:
  - {fileID: 4856771194267674}
  m_Father: {fileID: 4555549615962902}
  m_RootOrder: 0
  m_LocalEulerAnglesHint: {x: 0, y: 0, z: 0}
--- !u!4 &4045302827126194
Transform:
  m_ObjectHideFlags: 1
  m_PrefabParentObject: {fileID: 0}
  m_PrefabInternal: {fileID: 100100000}
  m_GameObject: {fileID: 1083063392727282}
  m_LocalRotation: {x: 5.421011e-20, y: 1.7347235e-18, z: 2.2293907e-18, w: 1}
  m_LocalPosition: {x: 0.1323156, y: -0.0011669921, z: -0.0075530573}
  m_LocalScale: {x: 1, y: 1, z: 1}
  m_Children:
  - {fileID: 4702955018994520}
  m_Father: {fileID: 4968934932000222}
  m_RootOrder: 0
  m_LocalEulerAnglesHint: {x: 0, y: 0, z: 0}
--- !u!4 &4061368244563380
Transform:
  m_ObjectHideFlags: 1
  m_PrefabParentObject: {fileID: 0}
  m_PrefabInternal: {fileID: 100100000}
  m_GameObject: {fileID: 1624457412020400}
  m_LocalRotation: {x: 1.0842022e-19, y: 2.6191484e-37, z: 2.415738e-18, w: 1}
  m_LocalPosition: {x: -0.007552261, y: 0.0042959596, z: -0.0075276494}
  m_LocalScale: {x: 1, y: 1, z: 1}
  m_Children: []
  m_Father: {fileID: 4361557761323018}
  m_RootOrder: 2
  m_LocalEulerAnglesHint: {x: 0, y: 0, z: 0}
--- !u!4 &4062641791379216
Transform:
  m_ObjectHideFlags: 1
  m_PrefabParentObject: {fileID: 0}
  m_PrefabInternal: {fileID: 100100000}
  m_GameObject: {fileID: 1530839037874440}
  m_LocalRotation: {x: 0, y: -0, z: -0, w: 1}
  m_LocalPosition: {x: -0, y: 0, z: 0}
  m_LocalScale: {x: 1, y: 1, z: 1}
  m_Children:
  - {fileID: 4459575044198428}
  - {fileID: 4865858542254902}
  - {fileID: 4105216305295860}
  - {fileID: 4212023076424626}
  - {fileID: 4555549615962902}
  m_Father: {fileID: 4483742147236618}
  m_RootOrder: 0
  m_LocalEulerAnglesHint: {x: 0, y: 0, z: 0}
--- !u!4 &4079572619912448
Transform:
  m_ObjectHideFlags: 1
  m_PrefabParentObject: {fileID: 0}
  m_PrefabInternal: {fileID: 100100000}
  m_GameObject: {fileID: 1584783992400756}
  m_LocalRotation: {x: -1.7347235e-18, y: 9.780113e-36, z: -5.6378513e-18, w: 1}
  m_LocalPosition: {x: 0.004002075, y: 0.0042959596, z: 0.011217701}
  m_LocalScale: {x: 1, y: 1, z: 1}
  m_Children: []
  m_Father: {fileID: 4018047203562178}
  m_RootOrder: 0
  m_LocalEulerAnglesHint: {x: 0, y: 0, z: 0}
--- !u!4 &4088255149726104
Transform:
  m_ObjectHideFlags: 1
  m_PrefabParentObject: {fileID: 0}
  m_PrefabInternal: {fileID: 100100000}
  m_GameObject: {fileID: 1812876242239896}
  m_LocalRotation: {x: -2.7755576e-17, y: 0, z: -0, w: 1}
  m_LocalPosition: {x: 0.013719501, y: -0.02250123, z: 0.051762417}
  m_LocalScale: {x: 1, y: 1, z: 1}
  m_Children: []
  m_Father: {fileID: 4765163937915544}
  m_RootOrder: 1
  m_LocalEulerAnglesHint: {x: 0, y: 0, z: 0}
--- !u!4 &4095496009499050
Transform:
  m_ObjectHideFlags: 1
  m_PrefabParentObject: {fileID: 0}
  m_PrefabInternal: {fileID: 100100000}
  m_GameObject: {fileID: 1559658179011184}
  m_LocalRotation: {x: 0, y: -0, z: -0, w: 1}
  m_LocalPosition: {x: -0, y: 0.13076507, z: -0.03618029}
  m_LocalScale: {x: 1, y: 1, z: 1}
  m_Children:
  - {fileID: 4229622800999516}
  - {fileID: 4773706708253490}
  - {fileID: 4968934932000222}
  m_Father: {fileID: 4137095682420702}
  m_RootOrder: 0
  m_LocalEulerAnglesHint: {x: 0, y: 0, z: 0}
--- !u!4 &4105216305295860
Transform:
  m_ObjectHideFlags: 1
  m_PrefabParentObject: {fileID: 0}
  m_PrefabInternal: {fileID: 100100000}
  m_GameObject: {fileID: 1238640520774332}
  m_LocalRotation: {x: 0, y: -0, z: -0, w: 1}
  m_LocalPosition: {x: -0, y: 0, z: 0}
  m_LocalScale: {x: 1, y: 1, z: 1}
  m_Children: []
  m_Father: {fileID: 4062641791379216}
  m_RootOrder: 2
  m_LocalEulerAnglesHint: {x: 0, y: 0, z: 0}
--- !u!4 &4137095682420702
Transform:
  m_ObjectHideFlags: 1
  m_PrefabParentObject: {fileID: 0}
  m_PrefabInternal: {fileID: 100100000}
  m_GameObject: {fileID: 1460219154845584}
  m_LocalRotation: {x: 0, y: -0, z: -0, w: 1}
  m_LocalPosition: {x: -0, y: 0.07905296, z: -0.003973731}
  m_LocalScale: {x: 1, y: 1, z: 1}
  m_Children:
  - {fileID: 4095496009499050}
  - {fileID: 4025769943693494}
  - {fileID: 4993331259459074}
  m_Father: {fileID: 4856771194267674}
  m_RootOrder: 0
  m_LocalEulerAnglesHint: {x: 0, y: 0, z: 0}
--- !u!4 &4148248813296408
Transform:
  m_ObjectHideFlags: 1
  m_PrefabParentObject: {fileID: 0}
  m_PrefabInternal: {fileID: 100100000}
  m_GameObject: {fileID: 1966401954258904}
  m_LocalRotation: {x: 1.0842022e-19, y: -2.6191484e-37, z: -2.415738e-18, w: 1}
  m_LocalPosition: {x: 0.007552261, y: 0.0042959596, z: -0.0075276494}
  m_LocalScale: {x: 1, y: 1, z: 1}
  m_Children: []
  m_Father: {fileID: 4018047203562178}
  m_RootOrder: 2
  m_LocalEulerAnglesHint: {x: 0, y: 0, z: 0}
--- !u!4 &4160843963872518
Transform:
  m_ObjectHideFlags: 1
  m_PrefabParentObject: {fileID: 0}
  m_PrefabInternal: {fileID: 100100000}
  m_GameObject: {fileID: 1371337013575650}
  m_LocalRotation: {x: -8.6736174e-19, y: 2.7755576e-17, z: 2.4074124e-35, w: 1}
  m_LocalPosition: {x: 0.0689126, y: 0.040836945, z: 0.0055871904}
  m_LocalScale: {x: 1, y: 1, z: 1}
  m_Children: []
  m_Father: {fileID: 4962051249916098}
  m_RootOrder: 2
  m_LocalEulerAnglesHint: {x: 0, y: 0, z: 0}
--- !u!4 &4183781343663402
Transform:
  m_ObjectHideFlags: 1
  m_PrefabParentObject: {fileID: 0}
  m_PrefabInternal: {fileID: 100100000}
  m_GameObject: {fileID: 1343767888066772}
  m_LocalRotation: {x: 2.7755576e-17, y: -1.92593e-34, z: -6.938894e-18, w: 1}
  m_LocalPosition: {x: -0.013719501, y: -0.02250123, z: 0.051762417}
  m_LocalScale: {x: 1, y: 1, z: 1}
  m_Children: []
  m_Father: {fileID: 4809888060488580}
  m_RootOrder: 1
  m_LocalEulerAnglesHint: {x: 0, y: 0, z: 0}
--- !u!4 &4212023076424626
Transform:
  m_ObjectHideFlags: 1
  m_PrefabParentObject: {fileID: 0}
  m_PrefabInternal: {fileID: 100100000}
  m_GameObject: {fileID: 1064472877381926}
  m_LocalRotation: {x: 0, y: -0, z: -0, w: 1}
  m_LocalPosition: {x: -0, y: 0, z: 0}
  m_LocalScale: {x: 1, y: 1, z: 1}
  m_Children: []
  m_Father: {fileID: 4062641791379216}
  m_RootOrder: 3
  m_LocalEulerAnglesHint: {x: 0, y: 0, z: 0}
--- !u!4 &4219570672173122
Transform:
  m_ObjectHideFlags: 1
  m_PrefabParentObject: {fileID: 0}
  m_PrefabInternal: {fileID: 100100000}
  m_GameObject: {fileID: 1217421409754746}
  m_LocalRotation: {x: 5.421011e-20, y: -1.7347235e-18, z: -2.2293907e-18, w: 1}
  m_LocalPosition: {x: -0.1323156, y: -0.0011669921, z: -0.0075530573}
  m_LocalScale: {x: 1, y: 1, z: 1}
  m_Children:
  - {fileID: 4030590762820934}
  m_Father: {fileID: 4229622800999516}
  m_RootOrder: 0
  m_LocalEulerAnglesHint: {x: 0, y: 0, z: 0}
--- !u!4 &4229622800999516
Transform:
  m_ObjectHideFlags: 1
  m_PrefabParentObject: {fileID: 0}
  m_PrefabInternal: {fileID: 100100000}
  m_GameObject: {fileID: 1467384694312770}
  m_LocalRotation: {x: 5.421011e-20, y: 7.3468397e-38, z: 1.3552527e-18, w: 1}
  m_LocalPosition: {x: -0.0161389, y: 0.10433487, z: -0.01630585}
  m_LocalScale: {x: 1, y: 1, z: 1}
  m_Children:
  - {fileID: 4219570672173122}
  m_Father: {fileID: 4095496009499050}
  m_RootOrder: 0
  m_LocalEulerAnglesHint: {x: 0, y: 0, z: 0}
--- !u!4 &4247680721645504
Transform:
  m_ObjectHideFlags: 1
  m_PrefabParentObject: {fileID: 0}
  m_PrefabInternal: {fileID: 100100000}
  m_GameObject: {fileID: 1451267745219696}
  m_LocalRotation: {x: 2.1684043e-19, y: -6.938894e-18, z: -7.968886e-18, w: 1}
  m_LocalPosition: {x: 0.0067002866, y: 0.0042959596, z: 0.00241307}
  m_LocalScale: {x: 1, y: 1, z: 1}
  m_Children: []
  m_Father: {fileID: 4018047203562178}
  m_RootOrder: 1
  m_LocalEulerAnglesHint: {x: 0, y: 0, z: 0}
--- !u!4 &4263220346728692
Transform:
  m_ObjectHideFlags: 1
  m_PrefabParentObject: {fileID: 0}
  m_PrefabInternal: {fileID: 100100000}
  m_GameObject: {fileID: 1169027653412298}
  m_LocalRotation: {x: 7.70372e-34, y: -2.7755576e-17, z: 2.7755576e-17, w: 1}
  m_LocalPosition: {x: 0.014156036, y: -0.006772003, z: 0.01606856}
  m_LocalScale: {x: 1, y: 1, z: 1}
  m_Children: []
  m_Father: {fileID: 4018047203562178}
  m_RootOrder: 4
  m_LocalEulerAnglesHint: {x: 0, y: 0, z: 0}
--- !u!4 &4263305614797048
Transform:
  m_ObjectHideFlags: 1
  m_PrefabParentObject: {fileID: 0}
  m_PrefabInternal: {fileID: 100100000}
  m_GameObject: {fileID: 1970946390583072}
  m_LocalRotation: {x: 7.70372e-34, y: 2.7755576e-17, z: -2.7755576e-17, w: 1}
  m_LocalPosition: {x: -0.014156036, y: -0.006772003, z: 0.01606856}
  m_LocalScale: {x: 1, y: 1, z: 1}
  m_Children: []
  m_Father: {fileID: 4361557761323018}
  m_RootOrder: 4
  m_LocalEulerAnglesHint: {x: 0, y: 0, z: 0}
--- !u!4 &4275863847217180
Transform:
  m_ObjectHideFlags: 1
  m_PrefabParentObject: {fileID: 0}
  m_PrefabInternal: {fileID: 100100000}
  m_GameObject: {fileID: 1607431438074972}
  m_LocalRotation: {x: -1.0842022e-19, y: 2.7755576e-17, z: -2.1684043e-19, w: 1}
  m_LocalPosition: {x: 0.116012, y: 0.0025331115, z: 0.0352376}
  m_LocalScale: {x: 1, y: 1, z: 1}
  m_Children:
  - {fileID: 4018047203562178}
  m_Father: {fileID: 4889311440704014}
  m_RootOrder: 0
  m_LocalEulerAnglesHint: {x: 0, y: 0, z: 0}
--- !u!4 &4324489820530316
Transform:
  m_ObjectHideFlags: 1
  m_PrefabParentObject: {fileID: 0}
  m_PrefabInternal: {fileID: 100100000}
  m_GameObject: {fileID: 1227189748530626}
  m_LocalRotation: {x: -1.7347235e-18, y: -9.780113e-36, z: 5.6378513e-18, w: 1}
  m_LocalPosition: {x: -0.004002075, y: 0.0042959596, z: 0.011217701}
  m_LocalScale: {x: 1, y: 1, z: 1}
  m_Children: []
  m_Father: {fileID: 4361557761323018}
  m_RootOrder: 0
  m_LocalEulerAnglesHint: {x: 0, y: 0, z: 0}
--- !u!4 &4339075706156214
Transform:
  m_ObjectHideFlags: 1
  m_PrefabParentObject: {fileID: 0}
  m_PrefabInternal: {fileID: 100100000}
  m_GameObject: {fileID: 1633166584974664}
  m_LocalRotation: {x: -4.814825e-35, y: 6.938894e-18, z: 6.938894e-18, w: 1}
  m_LocalPosition: {x: -0.0017562961, y: -0.0064035226, z: 0.007952628}
  m_LocalScale: {x: 1, y: 1, z: 1}
  m_Children: []
  m_Father: {fileID: 4809888060488580}
  m_RootOrder: 0
  m_LocalEulerAnglesHint: {x: 0, y: 0, z: 0}
--- !u!4 &4361557761323018
Transform:
  m_ObjectHideFlags: 1
  m_PrefabParentObject: {fileID: 0}
  m_PrefabInternal: {fileID: 100100000}
  m_GameObject: {fileID: 1992449806613518}
  m_LocalRotation: {x: -1.3552527e-20, y: -5.421164e-39, z: 4.000113e-19, w: 1}
  m_LocalPosition: {x: -0.13705932, y: 0.0014129638, z: 0.03809584}
  m_LocalScale: {x: 1, y: 1, z: 1}
  m_Children:
  - {fileID: 4324489820530316}
  - {fileID: 4501596678522410}
  - {fileID: 4061368244563380}
  - {fileID: 4364125895056712}
  - {fileID: 4263305614797048}
  m_Father: {fileID: 4583604179756146}
  m_RootOrder: 0
  m_LocalEulerAnglesHint: {x: 0, y: 0, z: 0}
--- !u!4 &4364125895056712
Transform:
  m_ObjectHideFlags: 1
  m_PrefabParentObject: {fileID: 0}
  m_PrefabInternal: {fileID: 100100000}
  m_GameObject: {fileID: 1252019692617674}
  m_LocalRotation: {x: -1.9560226e-35, y: 1.3877788e-17, z: 1.4094628e-18, w: 1}
  m_LocalPosition: {x: -0.0075673675, y: 0.0043199155, z: -0.016668824}
  m_LocalScale: {x: 1, y: 1, z: 1}
  m_Children: []
  m_Father: {fileID: 4361557761323018}
  m_RootOrder: 3
  m_LocalEulerAnglesHint: {x: 0, y: 0, z: 0}
--- !u!4 &4366875732284624
Transform:
  m_ObjectHideFlags: 1
  m_PrefabParentObject: {fileID: 0}
  m_PrefabInternal: {fileID: 100100000}
  m_GameObject: {fileID: 1076762949882464}
  m_LocalRotation: {x: 1.1284746e-35, y: 6.938894e-18, z: -1.6263033e-18, w: 1}
  m_LocalPosition: {x: -0.006987462, y: -0.2093798, z: -0.0024718768}
  m_LocalScale: {x: 1, y: 1, z: 1}
  m_Children:
  - {fileID: 4709979857255834}
  m_Father: {fileID: 4489461154499254}
  m_RootOrder: 0
  m_LocalEulerAnglesHint: {x: 0, y: 0, z: 0}
--- !u!4 &4397637003304112
Transform:
  m_ObjectHideFlags: 1
  m_PrefabParentObject: {fileID: 0}
  m_PrefabInternal: {fileID: 100100000}
  m_GameObject: {fileID: 1966698991774542}
  m_LocalRotation: {x: 8.6736174e-19, y: 2.6331073e-36, z: 3.035766e-18, w: 1}
  m_LocalPosition: {x: 0.0075673675, y: 0.0043199155, z: -0.016668824}
  m_LocalScale: {x: 1, y: 1, z: 1}
  m_Children: []
  m_Father: {fileID: 4018047203562178}
  m_RootOrder: 3
  m_LocalEulerAnglesHint: {x: 0, y: 0, z: 0}
--- !u!4 &4434203388872174
Transform:
  m_ObjectHideFlags: 1
  m_PrefabParentObject: {fileID: 0}
  m_PrefabInternal: {fileID: 100100000}
  m_GameObject: {fileID: 1963366969447288}
  m_LocalRotation: {x: 0, y: -0, z: -0, w: 1}
  m_LocalPosition: {x: -0, y: 0.015630035, z: 0.01934779}
  m_LocalScale: {x: 1, y: 1, z: 1}
  m_Children: []
  m_Father: {fileID: 4962051249916098}
  m_RootOrder: 1
  m_LocalEulerAnglesHint: {x: 0, y: 0, z: 0}
--- !u!4 &4445080620258096
Transform:
  m_ObjectHideFlags: 1
  m_PrefabParentObject: {fileID: 0}
  m_PrefabInternal: {fileID: 100100000}
  m_GameObject: {fileID: 1343553693826638}
  m_LocalRotation: {x: 2.1684043e-19, y: -0, z: -0, w: 1}
  m_LocalPosition: {x: -0.14432852, y: -0.0073680114, z: -0.0012650299}
  m_LocalScale: {x: 1, y: 1, z: 1}
  m_Children:
  - {fileID: 4583604179756146}
  m_Father: {fileID: 4030590762820934}
  m_RootOrder: 0
  m_LocalEulerAnglesHint: {x: 0, y: 0, z: 0}
--- !u!4 &4459575044198428
Transform:
  m_ObjectHideFlags: 1
  m_PrefabParentObject: {fileID: 0}
  m_PrefabInternal: {fileID: 100100000}
  m_GameObject: {fileID: 1702458153416604}
  m_LocalRotation: {x: 0, y: -0, z: -0, w: 1}
  m_LocalPosition: {x: -0, y: 0, z: 0}
  m_LocalScale: {x: 1, y: 1, z: 1}
  m_Children: []
  m_Father: {fileID: 4062641791379216}
  m_RootOrder: 0
  m_LocalEulerAnglesHint: {x: 0, y: 0, z: 0}
--- !u!4 &4483742147236618
Transform:
  m_ObjectHideFlags: 1
  m_PrefabParentObject: {fileID: 0}
  m_PrefabInternal: {fileID: 100100000}
  m_GameObject: {fileID: 1065242961494822}
  m_LocalRotation: {x: 0, y: -0, z: -0, w: 1}
  m_LocalPosition: {x: -0, y: 0, z: 0}
  m_LocalScale: {x: 1, y: 1, z: 1}
  m_Children:
  - {fileID: 4062641791379216}
  m_Father: {fileID: 0}
  m_RootOrder: 0
  m_LocalEulerAnglesHint: {x: 0, y: 0, z: 0}
--- !u!4 &4489461154499254
Transform:
  m_ObjectHideFlags: 1
  m_PrefabParentObject: {fileID: 0}
  m_PrefabInternal: {fileID: 100100000}
  m_GameObject: {fileID: 1701391154650982}
  m_LocalRotation: {x: 1.1284746e-35, y: 6.938894e-18, z: -1.6263033e-18, w: 1}
  m_LocalPosition: {x: -0.07909208, y: -0.10626678, z: -0.014821031}
  m_LocalScale: {x: 1, y: 1, z: 1}
  m_Children:
  - {fileID: 4366875732284624}
  m_Father: {fileID: 4727817665023162}
  m_RootOrder: 0
  m_LocalEulerAnglesHint: {x: 0, y: 0, z: 0}
--- !u!4 &4501596678522410
Transform:
  m_ObjectHideFlags: 1
  m_PrefabParentObject: {fileID: 0}
  m_PrefabInternal: {fileID: 100100000}
  m_GameObject: {fileID: 1933646467306006}
  m_LocalRotation: {x: -4.3368087e-19, y: -8.933757e-37, z: 2.0599841e-18, w: 1}
  m_LocalPosition: {x: -0.0067002866, y: 0.0042959596, z: 0.00241307}
  m_LocalScale: {x: 1, y: 1, z: 1}
  m_Children: []
  m_Father: {fileID: 4361557761323018}
  m_RootOrder: 1
  m_LocalEulerAnglesHint: {x: 0, y: 0, z: 0}
--- !u!4 &4541485351923404
Transform:
  m_ObjectHideFlags: 1
  m_PrefabParentObject: {fileID: 0}
  m_PrefabInternal: {fileID: 100100000}
  m_GameObject: {fileID: 1115848416356788}
  m_LocalRotation: {x: -8.6736174e-19, y: 6.938894e-18, z: -1.3010426e-18, w: 1}
  m_LocalPosition: {x: 0.006987462, y: -0.2093798, z: -0.0024718768}
  m_LocalScale: {x: 1, y: 1, z: 1}
  m_Children:
  - {fileID: 4708522223648566}
  m_Father: {fileID: 4939043414126696}
  m_RootOrder: 0
  m_LocalEulerAnglesHint: {x: 0, y: 0, z: 0}
--- !u!4 &4555549615962902
Transform:
  m_ObjectHideFlags: 1
  m_PrefabParentObject: {fileID: 0}
  m_PrefabInternal: {fileID: 100100000}
  m_GameObject: {fileID: 1920651824127214}
  m_LocalRotation: {x: 0, y: -0, z: -0, w: 1}
  m_LocalPosition: {x: -0, y: 1.0517809, z: 0.01824816}
  m_LocalScale: {x: 1, y: 1, z: 1}
  m_Children:
  - {fileID: 4033214440700184}
  - {fileID: 4727817665023162}
  m_Father: {fileID: 4062641791379216}
  m_RootOrder: 4
  m_LocalEulerAnglesHint: {x: 0, y: 0, z: 0}
--- !u!4 &4583604179756146
Transform:
  m_ObjectHideFlags: 1
  m_PrefabParentObject: {fileID: 0}
  m_PrefabInternal: {fileID: 100100000}
  m_GameObject: {fileID: 1185927750902218}
  m_LocalRotation: {x: 2.1684043e-19, y: 9.991702e-38, z: 4.607859e-19, w: 1}
  m_LocalPosition: {x: -0.116012, y: 0.0025331115, z: 0.0352376}
  m_LocalScale: {x: 1, y: 1, z: 1}
  m_Children:
  - {fileID: 4361557761323018}
  m_Father: {fileID: 4445080620258096}
  m_RootOrder: 0
  m_LocalEulerAnglesHint: {x: 0, y: 0, z: 0}
--- !u!4 &4702955018994520
Transform:
  m_ObjectHideFlags: 1
  m_PrefabParentObject: {fileID: 0}
  m_PrefabInternal: {fileID: 100100000}
  m_GameObject: {fileID: 1773808055999550}
  m_LocalRotation: {x: -1.0842022e-19, y: -1.7347235e-18, z: -8.199279e-19, w: 1}
  m_LocalPosition: {x: 0.12571028, y: -0.008088989, z: 0.0031563996}
  m_LocalScale: {x: 1, y: 1, z: 1}
  m_Children:
  - {fileID: 4889311440704014}
  m_Father: {fileID: 4045302827126194}
  m_RootOrder: 0
  m_LocalEulerAnglesHint: {x: 0, y: 0, z: 0}
--- !u!4 &4708522223648566
Transform:
  m_ObjectHideFlags: 1
  m_PrefabParentObject: {fileID: 0}
  m_PrefabInternal: {fileID: 100100000}
  m_GameObject: {fileID: 1144034517378350}
  m_LocalRotation: {x: -6.938894e-18, y: 1.2037062e-35, z: -1.7347235e-18, w: 1}
  m_LocalPosition: {x: 0.008847227, y: -0.25277635, z: -0.014941942}
  m_LocalScale: {x: 1, y: 1, z: 1}
  m_Children:
  - {fileID: 4765163937915544}
  m_Father: {fileID: 4541485351923404}
  m_RootOrder: 0
  m_LocalEulerAnglesHint: {x: 0, y: 0, z: 0}
--- !u!4 &4709979857255834
Transform:
  m_ObjectHideFlags: 1
  m_PrefabParentObject: {fileID: 0}
  m_PrefabInternal: {fileID: 100100000}
  m_GameObject: {fileID: 1892878967333968}
  m_LocalRotation: {x: -1.2037062e-35, y: -1.3877788e-17, z: -8.6736174e-19, w: 1}
  m_LocalPosition: {x: -0.008847227, y: -0.25277635, z: -0.014941942}
  m_LocalScale: {x: 1, y: 1, z: 1}
  m_Children:
  - {fileID: 4809888060488580}
  m_Father: {fileID: 4366875732284624}
  m_RootOrder: 0
  m_LocalEulerAnglesHint: {x: 0, y: 0, z: 0}
--- !u!4 &4727817665023162
Transform:
  m_ObjectHideFlags: 1
  m_PrefabParentObject: {fileID: 0}
  m_PrefabInternal: {fileID: 100100000}
  m_GameObject: {fileID: 1352062443864098}
  m_LocalRotation: {x: 0, y: -0, z: -0, w: 1}
  m_LocalPosition: {x: -0, y: 0.018641967, z: 0.0004866898}
  m_LocalScale: {x: 1, y: 1, z: 1}
  m_Children:
  - {fileID: 4489461154499254}
  - {fileID: 4939043414126696}
  m_Father: {fileID: 4555549615962902}
  m_RootOrder: 1
  m_LocalEulerAnglesHint: {x: 0, y: 0, z: 0}
--- !u!4 &4765163937915544
Transform:
  m_ObjectHideFlags: 1
  m_PrefabParentObject: {fileID: 0}
  m_PrefabInternal: {fileID: 100100000}
  m_GameObject: {fileID: 1671867887698680}
  m_LocalRotation: {x: 0, y: -0, z: -0, w: 1}
  m_LocalPosition: {x: 0.021149835, y: -0.43380916, z: -0.026442379}
  m_LocalScale: {x: 1, y: 1, z: 1}
  m_Children:
  - {fileID: 4803504576833952}
  - {fileID: 4088255149726104}
  m_Father: {fileID: 4708522223648566}
  m_RootOrder: 0
  m_LocalEulerAnglesHint: {x: 0, y: 0, z: 0}
--- !u!4 &4766828877023976
Transform:
  m_ObjectHideFlags: 1
  m_PrefabParentObject: {fileID: 0}
  m_PrefabInternal: {fileID: 100100000}
  m_GameObject: {fileID: 1653729269044006}
  m_LocalRotation: {x: 0, y: -0, z: -0, w: 1}
  m_LocalPosition: {x: -0, y: 0.032816008, z: 0.019791778}
  m_LocalScale: {x: 1, y: 1, z: 1}
  m_Children:
  - {fileID: 4962051249916098}
  m_Father: {fileID: 4773706708253490}
  m_RootOrder: 0
  m_LocalEulerAnglesHint: {x: 0, y: 0, z: 0}
--- !u!4 &4773706708253490
Transform:
  m_ObjectHideFlags: 1
  m_PrefabParentObject: {fileID: 0}
  m_PrefabInternal: {fileID: 100100000}
  m_GameObject: {fileID: 1020355445573898}
  m_LocalRotation: {x: 0, y: -0, z: -0, w: 1}
  m_LocalPosition: {x: -0, y: 0.18255997, z: -0.014994459}
  m_LocalScale: {x: 1, y: 1, z: 1}
  m_Children:
  - {fileID: 4766828877023976}
  m_Father: {fileID: 4095496009499050}
  m_RootOrder: 1
  m_LocalEulerAnglesHint: {x: 0, y: 0, z: 0}
--- !u!4 &4803504576833952
Transform:
  m_ObjectHideFlags: 1
  m_PrefabParentObject: {fileID: 0}
  m_PrefabInternal: {fileID: 100100000}
  m_GameObject: {fileID: 1440656173074288}
  m_LocalRotation: {x: 0, y: 6.938894e-18, z: -0, w: 1}
  m_LocalPosition: {x: 0.0017562961, y: -0.0064035226, z: 0.007952628}
  m_LocalScale: {x: 1, y: 1, z: 1}
  m_Children: []
  m_Father: {fileID: 4765163937915544}
  m_RootOrder: 0
  m_LocalEulerAnglesHint: {x: 0, y: 0, z: 0}
--- !u!4 &4809888060488580
Transform:
  m_ObjectHideFlags: 1
  m_PrefabParentObject: {fileID: 0}
  m_PrefabInternal: {fileID: 100100000}
  m_GameObject: {fileID: 1808849291551492}
  m_LocalRotation: {x: 0, y: -1.3877788e-17, z: -0, w: 1}
  m_LocalPosition: {x: -0.021149835, y: -0.43380916, z: -0.026442379}
  m_LocalScale: {x: 1, y: 1, z: 1}
  m_Children:
  - {fileID: 4339075706156214}
  - {fileID: 4183781343663402}
  m_Father: {fileID: 4709979857255834}
  m_RootOrder: 0
  m_LocalEulerAnglesHint: {x: 0, y: 0, z: 0}
--- !u!4 &4856771194267674
Transform:
  m_ObjectHideFlags: 1
  m_PrefabParentObject: {fileID: 0}
  m_PrefabInternal: {fileID: 100100000}
  m_GameObject: {fileID: 1706735683678122}
  m_LocalRotation: {x: 0, y: -0, z: -0, w: 1}
  m_LocalPosition: {x: -0, y: 0.08150101, z: 0.011933489}
  m_LocalScale: {x: 1, y: 1, z: 1}
  m_Children:
  - {fileID: 4137095682420702}
  m_Father: {fileID: 4033214440700184}
  m_RootOrder: 0
  m_LocalEulerAnglesHint: {x: 0, y: 0, z: 0}
--- !u!4 &4865858542254902
Transform:
  m_ObjectHideFlags: 1
  m_PrefabParentObject: {fileID: 0}
  m_PrefabInternal: {fileID: 100100000}
  m_GameObject: {fileID: 1297137510608116}
  m_LocalRotation: {x: 0, y: -0, z: -0, w: 1}
  m_LocalPosition: {x: -0, y: 0, z: 0}
  m_LocalScale: {x: 1, y: 1, z: 1}
  m_Children: []
  m_Father: {fileID: 4062641791379216}
  m_RootOrder: 1
  m_LocalEulerAnglesHint: {x: 0, y: 0, z: 0}
--- !u!4 &4889311440704014
Transform:
  m_ObjectHideFlags: 1
  m_PrefabParentObject: {fileID: 0}
  m_PrefabInternal: {fileID: 100100000}
  m_GameObject: {fileID: 1742172735632812}
  m_LocalRotation: {x: 2.1684043e-19, y: -0, z: -0, w: 1}
  m_LocalPosition: {x: 0.14432852, y: -0.0073680114, z: -0.0012650299}
  m_LocalScale: {x: 1, y: 1, z: 1}
  m_Children:
  - {fileID: 4275863847217180}
  m_Father: {fileID: 4702955018994520}
  m_RootOrder: 0
  m_LocalEulerAnglesHint: {x: 0, y: 0, z: 0}
--- !u!4 &4939043414126696
Transform:
  m_ObjectHideFlags: 1
  m_PrefabParentObject: {fileID: 0}
  m_PrefabInternal: {fileID: 100100000}
  m_GameObject: {fileID: 1826851949759654}
  m_LocalRotation: {x: -8.6736174e-19, y: 6.938894e-18, z: -1.3010426e-18, w: 1}
  m_LocalPosition: {x: 0.07909208, y: -0.10626678, z: -0.014821031}
  m_LocalScale: {x: 1, y: 1, z: 1}
  m_Children:
  - {fileID: 4541485351923404}
  m_Father: {fileID: 4727817665023162}
  m_RootOrder: 1
  m_LocalEulerAnglesHint: {x: 0, y: 0, z: 0}
--- !u!4 &4962051249916098
Transform:
  m_ObjectHideFlags: 1
  m_PrefabParentObject: {fileID: 0}
  m_PrefabInternal: {fileID: 100100000}
  m_GameObject: {fileID: 1235152144241874}
  m_LocalRotation: {x: 0, y: -0, z: -0, w: 1}
  m_LocalPosition: {x: -0, y: 0.04936096, z: 0.0015942502}
  m_LocalScale: {x: 1, y: 1, z: 1}
  m_Children:
  - {fileID: 4013019985679600}
  - {fileID: 4434203388872174}
  - {fileID: 4160843963872518}
  m_Father: {fileID: 4766828877023976}
  m_RootOrder: 0
  m_LocalEulerAnglesHint: {x: 0, y: 0, z: 0}
--- !u!4 &4968934932000222
Transform:
  m_ObjectHideFlags: 1
  m_PrefabParentObject: {fileID: 0}
  m_PrefabInternal: {fileID: 100100000}
  m_GameObject: {fileID: 1026811484697388}
  m_LocalRotation: {x: 5.421011e-20, y: -7.3468397e-38, z: -1.3552527e-18, w: 1}
  m_LocalPosition: {x: 0.0161389, y: 0.10433487, z: -0.01630585}
  m_LocalScale: {x: 1, y: 1, z: 1}
  m_Children:
  - {fileID: 4045302827126194}
  m_Father: {fileID: 4095496009499050}
  m_RootOrder: 2
  m_LocalEulerAnglesHint: {x: 0, y: 0, z: 0}
--- !u!4 &4993331259459074
Transform:
  m_ObjectHideFlags: 1
  m_PrefabParentObject: {fileID: 0}
  m_PrefabInternal: {fileID: 100100000}
  m_GameObject: {fileID: 1853826958087502}
  m_LocalRotation: {x: 1.3877788e-17, y: 2.7755576e-17, z: -3.85186e-34, w: 1}
  m_LocalPosition: {x: 0.03121763, y: 0.087602995, z: -0.08593235}
  m_LocalScale: {x: 1, y: 1, z: 1}
  m_Children: []
  m_Father: {fileID: 4137095682420702}
  m_RootOrder: 2
  m_LocalEulerAnglesHint: {x: 0, y: 0, z: 0}
--- !u!114 &114053058266535380
MonoBehaviour:
  m_ObjectHideFlags: 1
  m_PrefabParentObject: {fileID: 0}
  m_PrefabInternal: {fileID: 100100000}
  m_GameObject: {fileID: 1238640520774332}
  m_Enabled: 1
  m_EditorHideFlags: 0
  m_Script: {fileID: -2050122676, guid: 2188feb5cf201e848a09932d706b7c3a, type: 3}
  m_Name: 
  m_EditorClassIdentifier: 
  dazName: 
  ID: 
  meshQuality: 0
  meshType: 2
  originalMesh: {fileID: 0}
  originalBindposes: []
  runtimeMorphPath: MORPH3D/Manga-Anime_Battlesuit/MAB_BattleSuit/BattlesuitG3_27422_LOD2
--- !u!114 &114154129391874616
MonoBehaviour:
  m_ObjectHideFlags: 1
  m_PrefabParentObject: {fileID: 0}
  m_PrefabInternal: {fileID: 100100000}
  m_GameObject: {fileID: 1702458153416604}
  m_Enabled: 1
  m_EditorHideFlags: 0
  m_Script: {fileID: -2050122676, guid: 2188feb5cf201e848a09932d706b7c3a, type: 3}
  m_Name: 
  m_EditorClassIdentifier: 
  dazName: 
  ID: 
  meshQuality: 0
  meshType: 2
  originalMesh: {fileID: 0}
  originalBindposes: []
  runtimeMorphPath: MORPH3D/Manga-Anime_Battlesuit/MAB_BattleSuit/BattlesuitG3_27422_LOD0
--- !u!114 &114165608463004926
MonoBehaviour:
  m_ObjectHideFlags: 1
  m_PrefabParentObject: {fileID: 0}
  m_PrefabInternal: {fileID: 100100000}
  m_GameObject: {fileID: 1065242961494822}
  m_Enabled: 1
  m_EditorHideFlags: 0
  m_Script: {fileID: 1913082261, guid: 2188feb5cf201e848a09932d706b7c3a, type: 3}
  m_Name: 
  m_EditorClassIdentifier: 
  dazName: MAB_BattleSuit
  ID: b58845cb-d473-447e-862d-f0a492b2eb7a
  LODlist:
  - {fileID: 114154129391874616}
  - {fileID: 114480002846757754}
  - {fileID: 114053058266535380}
  - {fileID: 114280084968181116}
  currentLODlevel: 1
  meshType: 2
  lockMaterials: 0
  isAttached: 0
  isVisible: 1
  alphaMask: {fileID: 0}
  _alphaMasksKeys: 0100000000000000
  _alphaMasksVals:
  - {fileID: 2800000, guid: bc8bb9d75c9149b45ba6469c74744b07, type: 3}
  - {fileID: 2800000, guid: 2f5251cd9e4813d428ea7e08dd88be04, type: 3}
--- !u!114 &114280084968181116
MonoBehaviour:
  m_ObjectHideFlags: 1
  m_PrefabParentObject: {fileID: 0}
  m_PrefabInternal: {fileID: 100100000}
  m_GameObject: {fileID: 1064472877381926}
  m_Enabled: 1
  m_EditorHideFlags: 0
  m_Script: {fileID: -2050122676, guid: 2188feb5cf201e848a09932d706b7c3a, type: 3}
  m_Name: 
  m_EditorClassIdentifier: 
  dazName: 
  ID: 
  meshQuality: 0
  meshType: 2
  originalMesh: {fileID: 0}
  originalBindposes: []
  runtimeMorphPath: MORPH3D/Manga-Anime_Battlesuit/MAB_BattleSuit/BattlesuitG3_27422_LOD3
--- !u!114 &114480002846757754
MonoBehaviour:
  m_ObjectHideFlags: 1
  m_PrefabParentObject: {fileID: 0}
  m_PrefabInternal: {fileID: 100100000}
  m_GameObject: {fileID: 1297137510608116}
  m_Enabled: 1
  m_EditorHideFlags: 0
  m_Script: {fileID: -2050122676, guid: 2188feb5cf201e848a09932d706b7c3a, type: 3}
  m_Name: 
  m_EditorClassIdentifier: 
  dazName: 
  ID: 
  meshQuality: 0
  meshType: 2
  originalMesh: {fileID: 0}
  originalBindposes: []
  runtimeMorphPath: MORPH3D/Manga-Anime_Battlesuit/MAB_BattleSuit/BattlesuitG3_27422_LOD1
--- !u!114 &114739542197112200
MonoBehaviour:
  m_ObjectHideFlags: 1
  m_PrefabParentObject: {fileID: 0}
  m_PrefabInternal: {fileID: 100100000}
  m_GameObject: {fileID: 1065242961494822}
  m_Enabled: 1
  m_EditorHideFlags: 0
  m_Script: {fileID: 1652709342, guid: 2188feb5cf201e848a09932d706b7c3a, type: 3}
  m_Name: 
  m_EditorClassIdentifier: 
  vendorId: 2e4ddbf3-b4fd-11e6-ab9c-000f1f047949
  versionId: 1
  meshType: 2
  geometryId: MAB_BattleSuit
  ID: b58845cb-d473-447e-862d-f0a492b2eb7a
  compatabilityBase: 
  declarativeUse: 
  controllerScales: []
  item_id: b58845cb-d473-447e-862d-f0a492b2eb7a
  collection_id: 
  rank: 2
  function: 4
  schematic:
    lods: []
    persistent: []
  compatibilities:
    figures: []
  collection_version: 0
  item_version: 1
  mcs_version: 1.6
  item_name: MAB_BattleSuit
  collection_name: Manga-Anime_Battlesuit
--- !u!137 &137124358748703750
SkinnedMeshRenderer:
  m_ObjectHideFlags: 1
  m_PrefabParentObject: {fileID: 0}
  m_PrefabInternal: {fileID: 100100000}
  m_GameObject: {fileID: 1238640520774332}
  m_Enabled: 1
  m_CastShadows: 1
  m_ReceiveShadows: 1
  m_MotionVectors: 1
  m_LightProbeUsage: 1
  m_ReflectionProbeUsage: 1
  m_Materials:
  - {fileID: 2100000, guid: 9374193219cc7f8449f9421f0b1826f8, type: 2}
  m_StaticBatchInfo:
    firstSubMesh: 0
    subMeshCount: 0
  m_StaticBatchRoot: {fileID: 0}
  m_ProbeAnchor: {fileID: 0}
  m_LightProbeVolumeOverride: {fileID: 0}
  m_ScaleInLightmap: 1
  m_PreserveUVs: 0
  m_IgnoreNormalsForChartDetection: 0
  m_ImportantGI: 0
  m_SelectedEditorRenderState: 3
  m_MinimumChartSize: 4
  m_AutoUVMaxDistance: 0.5
  m_AutoUVMaxAngle: 89
  m_LightmapParameters: {fileID: 0}
  m_SortingLayerID: 0
  m_SortingOrder: 0
  serializedVersion: 2
  m_Quality: 0
  m_UpdateWhenOffscreen: 0
  m_SkinnedMotionVectors: 1
  m_Mesh: {fileID: 4300004, guid: 0ded2846d04670942891bf1f713b6071, type: 3}
  m_Bones:
  - {fileID: 4361557761323018}
  - {fileID: 4018047203562178}
  - {fileID: 4583604179756146}
  - {fileID: 4275863847217180}
  - {fileID: 4445080620258096}
  - {fileID: 4889311440704014}
  - {fileID: 4434203388872174}
  - {fileID: 4030590762820934}
  - {fileID: 4702955018994520}
  - {fileID: 4962051249916098}
  - {fileID: 4339075706156214}
  - {fileID: 4803504576833952}
  - {fileID: 4219570672173122}
  - {fileID: 4045302827126194}
  - {fileID: 4766828877023976}
  - {fileID: 4809888060488580}
  - {fileID: 4765163937915544}
  - {fileID: 4229622800999516}
  - {fileID: 4968934932000222}
  - {fileID: 4773706708253490}
  - {fileID: 4709979857255834}
  - {fileID: 4708522223648566}
  - {fileID: 4095496009499050}
  - {fileID: 4025769943693494}
  - {fileID: 4993331259459074}
  - {fileID: 4366875732284624}
  - {fileID: 4541485351923404}
  - {fileID: 4137095682420702}
  - {fileID: 4489461154499254}
  - {fileID: 4939043414126696}
  - {fileID: 4856771194267674}
  - {fileID: 4727817665023162}
  - {fileID: 4033214440700184}
  - {fileID: 4555549615962902}
  m_BlendShapeWeights: []
  m_RootBone: {fileID: 4555549615962902}
  m_AABB:
    m_Center: {x: 0.0036073625, y: -0.22990778, z: -0.015573505}
    m_Extent: {x: 0.6603422, y: 0.7416818, z: 0.13550405}
  m_DirtyAABB: 0
--- !u!137 &137396865105706626
SkinnedMeshRenderer:
  m_ObjectHideFlags: 1
  m_PrefabParentObject: {fileID: 0}
  m_PrefabInternal: {fileID: 100100000}
  m_GameObject: {fileID: 1297137510608116}
  m_Enabled: 1
  m_CastShadows: 1
  m_ReceiveShadows: 1
  m_MotionVectors: 1
  m_LightProbeUsage: 1
  m_ReflectionProbeUsage: 1
  m_Materials:
  - {fileID: 2100000, guid: 9374193219cc7f8449f9421f0b1826f8, type: 2}
  m_StaticBatchInfo:
    firstSubMesh: 0
    subMeshCount: 0
  m_StaticBatchRoot: {fileID: 0}
  m_ProbeAnchor: {fileID: 0}
  m_LightProbeVolumeOverride: {fileID: 0}
  m_ScaleInLightmap: 1
  m_PreserveUVs: 0
  m_IgnoreNormalsForChartDetection: 0
  m_ImportantGI: 0
  m_SelectedEditorRenderState: 3
  m_MinimumChartSize: 4
  m_AutoUVMaxDistance: 0.5
  m_AutoUVMaxAngle: 89
  m_LightmapParameters: {fileID: 0}
  m_SortingLayerID: 0
  m_SortingOrder: 0
  serializedVersion: 2
  m_Quality: 0
  m_UpdateWhenOffscreen: 0
  m_SkinnedMotionVectors: 1
  m_Mesh: {fileID: 4300002, guid: 0ded2846d04670942891bf1f713b6071, type: 3}
  m_Bones:
  - {fileID: 4361557761323018}
  - {fileID: 4018047203562178}
  - {fileID: 4583604179756146}
  - {fileID: 4275863847217180}
  - {fileID: 4445080620258096}
  - {fileID: 4889311440704014}
  - {fileID: 4434203388872174}
  - {fileID: 4030590762820934}
  - {fileID: 4702955018994520}
  - {fileID: 4962051249916098}
  - {fileID: 4339075706156214}
  - {fileID: 4803504576833952}
  - {fileID: 4219570672173122}
  - {fileID: 4045302827126194}
  - {fileID: 4766828877023976}
  - {fileID: 4809888060488580}
  - {fileID: 4765163937915544}
  - {fileID: 4229622800999516}
  - {fileID: 4968934932000222}
  - {fileID: 4773706708253490}
  - {fileID: 4709979857255834}
  - {fileID: 4708522223648566}
  - {fileID: 4095496009499050}
  - {fileID: 4025769943693494}
  - {fileID: 4993331259459074}
  - {fileID: 4366875732284624}
  - {fileID: 4541485351923404}
  - {fileID: 4137095682420702}
  - {fileID: 4489461154499254}
  - {fileID: 4939043414126696}
  - {fileID: 4856771194267674}
  - {fileID: 4727817665023162}
  - {fileID: 4033214440700184}
  - {fileID: 4555549615962902}
  m_BlendShapeWeights: []
  m_RootBone: {fileID: 4555549615962902}
  m_AABB:
    m_Center: {x: 0.0033488274, y: -0.2297552, z: -0.01627056}
    m_Extent: {x: 0.66046786, y: 0.74146414, z: 0.13602011}
  m_DirtyAABB: 0
--- !u!137 &137609545058334942
SkinnedMeshRenderer:
  m_ObjectHideFlags: 1
  m_PrefabParentObject: {fileID: 0}
  m_PrefabInternal: {fileID: 100100000}
  m_GameObject: {fileID: 1702458153416604}
  m_Enabled: 1
  m_CastShadows: 1
  m_ReceiveShadows: 1
  m_MotionVectors: 1
  m_LightProbeUsage: 1
  m_ReflectionProbeUsage: 1
  m_Materials:
  - {fileID: 2100000, guid: 9374193219cc7f8449f9421f0b1826f8, type: 2}
  m_StaticBatchInfo:
    firstSubMesh: 0
    subMeshCount: 0
  m_StaticBatchRoot: {fileID: 0}
  m_ProbeAnchor: {fileID: 0}
  m_LightProbeVolumeOverride: {fileID: 0}
  m_ScaleInLightmap: 1
  m_PreserveUVs: 0
  m_IgnoreNormalsForChartDetection: 0
  m_ImportantGI: 0
  m_SelectedEditorRenderState: 3
  m_MinimumChartSize: 4
  m_AutoUVMaxDistance: 0.5
  m_AutoUVMaxAngle: 89
  m_LightmapParameters: {fileID: 0}
  m_SortingLayerID: 0
  m_SortingOrder: 0
  serializedVersion: 2
  m_Quality: 0
  m_UpdateWhenOffscreen: 0
  m_SkinnedMotionVectors: 1
  m_Mesh: {fileID: 4300000, guid: 0ded2846d04670942891bf1f713b6071, type: 3}
  m_Bones:
  - {fileID: 4361557761323018}
  - {fileID: 4018047203562178}
  - {fileID: 4583604179756146}
  - {fileID: 4275863847217180}
  - {fileID: 4445080620258096}
  - {fileID: 4889311440704014}
  - {fileID: 4434203388872174}
  - {fileID: 4030590762820934}
  - {fileID: 4702955018994520}
  - {fileID: 4962051249916098}
  - {fileID: 4339075706156214}
  - {fileID: 4803504576833952}
  - {fileID: 4219570672173122}
  - {fileID: 4045302827126194}
  - {fileID: 4766828877023976}
  - {fileID: 4809888060488580}
  - {fileID: 4765163937915544}
  - {fileID: 4229622800999516}
  - {fileID: 4968934932000222}
  - {fileID: 4773706708253490}
  - {fileID: 4709979857255834}
  - {fileID: 4708522223648566}
  - {fileID: 4095496009499050}
  - {fileID: 4025769943693494}
  - {fileID: 4993331259459074}
  - {fileID: 4366875732284624}
  - {fileID: 4541485351923404}
  - {fileID: 4137095682420702}
  - {fileID: 4489461154499254}
  - {fileID: 4939043414126696}
  - {fileID: 4856771194267674}
  - {fileID: 4727817665023162}
  - {fileID: 4033214440700184}
  - {fileID: 4555549615962902}
  m_BlendShapeWeights: []
  m_RootBone: {fileID: 4555549615962902}
  m_AABB:
    m_Center: {x: 0.003341496, y: -0.22960803, z: -0.016420916}
    m_Extent: {x: 0.66049534, y: 0.74160516, z: 0.13552006}
  m_DirtyAABB: 0
--- !u!137 &137816359578446074
SkinnedMeshRenderer:
  m_ObjectHideFlags: 1
  m_PrefabParentObject: {fileID: 0}
  m_PrefabInternal: {fileID: 100100000}
  m_GameObject: {fileID: 1064472877381926}
  m_Enabled: 1
  m_CastShadows: 1
  m_ReceiveShadows: 1
  m_MotionVectors: 1
  m_LightProbeUsage: 1
  m_ReflectionProbeUsage: 1
  m_Materials:
  - {fileID: 2100000, guid: 9374193219cc7f8449f9421f0b1826f8, type: 2}
  m_StaticBatchInfo:
    firstSubMesh: 0
    subMeshCount: 0
  m_StaticBatchRoot: {fileID: 0}
  m_ProbeAnchor: {fileID: 0}
  m_LightProbeVolumeOverride: {fileID: 0}
  m_ScaleInLightmap: 1
  m_PreserveUVs: 0
  m_IgnoreNormalsForChartDetection: 0
  m_ImportantGI: 0
  m_SelectedEditorRenderState: 3
  m_MinimumChartSize: 4
  m_AutoUVMaxDistance: 0.5
  m_AutoUVMaxAngle: 89
  m_LightmapParameters: {fileID: 0}
  m_SortingLayerID: 0
  m_SortingOrder: 0
  serializedVersion: 2
  m_Quality: 0
  m_UpdateWhenOffscreen: 0
  m_SkinnedMotionVectors: 1
  m_Mesh: {fileID: 4300006, guid: 0ded2846d04670942891bf1f713b6071, type: 3}
  m_Bones:
  - {fileID: 4361557761323018}
  - {fileID: 4018047203562178}
  - {fileID: 4583604179756146}
  - {fileID: 4275863847217180}
  - {fileID: 4445080620258096}
  - {fileID: 4889311440704014}
  - {fileID: 4434203388872174}
  - {fileID: 4030590762820934}
  - {fileID: 4702955018994520}
  - {fileID: 4962051249916098}
  - {fileID: 4339075706156214}
  - {fileID: 4803504576833952}
  - {fileID: 4219570672173122}
  - {fileID: 4045302827126194}
  - {fileID: 4766828877023976}
  - {fileID: 4809888060488580}
  - {fileID: 4765163937915544}
  - {fileID: 4229622800999516}
  - {fileID: 4968934932000222}
  - {fileID: 4773706708253490}
  - {fileID: 4709979857255834}
  - {fileID: 4708522223648566}
  - {fileID: 4095496009499050}
  - {fileID: 4025769943693494}
  - {fileID: 4993331259459074}
  - {fileID: 4366875732284624}
  - {fileID: 4541485351923404}
  - {fileID: 4137095682420702}
  - {fileID: 4489461154499254}
  - {fileID: 4939043414126696}
  - {fileID: 4856771194267674}
  - {fileID: 4727817665023162}
  - {fileID: 4033214440700184}
  - {fileID: 4555549615962902}
  m_BlendShapeWeights: []
  m_RootBone: {fileID: 4555549615962902}
  m_AABB:
    m_Center: {x: 0.003574431, y: -0.23049313, z: -0.015790068}
    m_Extent: {x: 0.66140735, y: 0.7418253, z: 0.13528329}
  m_DirtyAABB: 0
